@INPROCEEDINGS{guidelines,
  author = {HKUST},
  title = {Guidelines on Thesis Preparation},
  booktitle = {Handbook for Research Postgraduate Studies},
  year = {2023},
  url = {https://fytgs.hkust.edu.hk/academics/Academic-Regulations-and-Requirements/Handbook-for-Research-Postgraduate-Studies/guidelines-thesis-preparation}
}
@INPROCEEDINGS{phd,
  author = {HKUST},
  title = {Thesis sample page ({PhD})},
  booktitle = {Handbook for Research Postgraduate Studies},
  year = {2023},
  url = {https://fytgs.hkust.edu.hk/sites/default/files/imce/thesis_sample_page_phd.pdf}
}

@INPROCEEDINGS{mphil,
  author = {HKUST},
  title = {Thesis sample page ({MPhil})},
  booktitle = {Handbook for Research Postgraduate Studies},
  year = {2023},
  url = {https://fytgs.hkust.edu.hk/sites/default/files/imce/thesis_sample_page_mphil.pdf}
}
